@misc{btree,
  author={Peter Bailis, and Kai Sheng Tai, and Pratiksha Thaker, and Matei Zaharia}, 
  year={2017},
  title={Don't Throw Out Your Algorithms Book Just Yet: Classical Data Structures That Can Outperform Learned Indexes},
  howpublished={\url{https://dawn.cs.stanford.edu/2018/01/11/index-baselines/}}
}

@book{sutton1998reinforcement,
  title={Reinforcement learning: An introduction},
  author={Sutton, Richard S and Barto, Andrew G and others},
  year={1998},
  publisher={MIT press}
}

@article{markl2003leo,
  title={LEO: An autonomic query optimizer for DB2},
  author={Markl, Volker and Lohman, Guy M and Raman, Vijayshankar},
  journal={IBM Systems Journal},
  volume={42},
  number={1},
  pages={98--106},
  year={2003},
  publisher={IBM}
}

@inproceedings{fegaras1998new,
  title={A new heuristic for optimizing large queries},
  author={Fegaras, Leonidas},
  booktitle={International Conference on Database and Expert Systems Applications},
  pages={726--735},
  year={1998},
  organization={Springer}
}

@inproceedings{neumann2018adaptive,
  title={Adaptive Optimization of Very Large Join Queries},
  author={Neumann, Thomas and Radke, Bernhard},
  booktitle={Proceedings of the 2018 International Conference on Management of Data},
  pages={677--692},
  year={2018},
  organization={ACM}
}

@inproceedings{babu2005proactive,
  title={Proactive re-optimization},
  author={Babu, Shivnath and Bizarro, Pedro and DeWitt, David},
  booktitle={Proceedings of the 2005 ACM SIGMOD international conference on Management of data},
  pages={107--118},
  year={2005},
  organization={ACM}
}

@article{deshpande2007adaptive,
  title={Adaptive query processing},
  author={Deshpande, Amol and Ives, Zachary and Raman, Vijayshankar and others},
  journal={Foundations and Trends{\textregistered} in Databases},
  volume={1},
  number={1},
  pages={1--140},
  year={2007},
  publisher={Now Publishers, Inc.}
}

@inproceedings{markl2004robust,
  title={Robust query processing through progressive optimization},
  author={Markl, Volker and Raman, Vijayshankar and Simmen, David and Lohman, Guy and Pirahesh, Hamid and Cilimdzic, Miso},
  booktitle={Proceedings of the 2004 ACM SIGMOD international conference on Management of data},
  pages={659--670},
  year={2004},
  organization={ACM}
}

@inproceedings{avnur2000eddies,
  title={Eddies: Continuously adaptive query processing},
  author={Avnur, Ron and Hellerstein, Joseph M},
  booktitle={ACM sigmod record},
  volume={29},
  number={2},
  pages={261--272},
  year={2000},
  organization={ACM}
}

@article{ortiz2018learning,
  title={Learning State Representations for Query Optimization with Deep Reinforcement Learning},
  author={Ortiz, Jennifer and Balazinska, Magdalena and Gehrke, Johannes and Keerthi, S Sathiya},
  journal={arXiv preprint arXiv:1803.08604},
  year={2018}
}

@article{chaudhuri2008pay,
  title={A pay-as-you-go framework for query execution feedback},
  author={Chaudhuri, Surajit and Narasayya, Vivek and Ramamurthy, Ravi},
  journal={Proceedings of the VLDB Endowment},
  volume={1},
  number={1},
  pages={1141--1152},
  year={2008},
  publisher={VLDB Endowment}
}

@article{wu2013towards,
  title={Towards predicting query execution time for concurrent and dynamic database workloads},
  author={Wu, Wentao and Chi, Yun and Hac{\'\i}g{\"u}m{\"u}{\c{s}}, Hakan and Naughton, Jeffrey F},
  journal={Proceedings of the VLDB Endowment},
  volume={6},
  number={10},
  pages={925--936},
  year={2013},
  publisher={VLDB Endowment}
}

@inproceedings{wu2013predicting,
  title={Predicting query execution time: Are optimizer cost models really unusable?},
  author={Wu, Wentao and Chi, Yun and Zhu, Shenghuo and Tatemura, Junichi and Hacig{\"u}m{\"u}s, Hakan and Naughton, Jeffrey F},
  booktitle={Data Engineering (ICDE), 2013 IEEE 29th International Conference on},
  pages={1081--1092},
  year={2013},
  organization={IEEE}
}

@inproceedings{akdere2012learning,
  title={Learning-based query performance modeling and prediction},
  author={Akdere, Mert and {\c{C}}etintemel, Ugur and Riondato, Matteo and Upfal, Eli and Zdonik, Stanley B},
  booktitle={Data Engineering (ICDE), 2012 IEEE 28th International Conference on},
  pages={390--401},
  year={2012},
  organization={IEEE}
}

@inproceedings{ma2018query,
  title={Query-based Workload Forecasting for Self-Driving Database Management Systems},
  author={Ma, Lin and Van Aken, Dana and Hefny, Ahmed and Mezerhane, Gustavo and Pavlo, Andrew and Gordon, Geoffrey J},
  booktitle={Proceedings of the 2018 International Conference on Management of Data},
  pages={631--645},
  year={2018},
  organization={ACM}
}

@article{laskey2017dart,
  title={Dart: Noise injection for robust imitation learning},
  author={Laskey, Michael and Lee, Jonathan and Fox, Roy and Dragan, Anca and Goldberg, Ken},
  journal={arXiv preprint arXiv:1703.09327},
  year={2017}
}

@article{leis2015good,
  title={How good are query optimizers, really?},
  author={Leis, Viktor and Gubichev, Andrey and Mirchev, Atanas and Boncz, Peter and Kemper, Alfons and Neumann, Thomas},
  journal={Proceedings of the VLDB Endowment},
  volume={9},
  number={3},
  pages={204--215},
  year={2015},
  publisher={VLDB Endowment}
}

@inproceedings{waas2000join,
  title={Join order selection (good enough is easy)},
  author={Waas, Florian and Pellenkoft, Arjan},
  booktitle={British National Conference on Databases},
  pages={51--67},
  year={2000},
  organization={Springer}
}

@article{leis2015good,
  title={How good are query optimizers, really?},
  author={Leis, Viktor and Gubichev, Andrey and Mirchev, Atanas and Boncz, Peter and Kemper, Alfons and Neumann, Thomas},
  journal={Proceedings of the VLDB Endowment},
  volume={9},
  number={3},
  pages={204--215},
  year={2015},
  publisher={VLDB Endowment}
}

@article{ortiz2018learning,
  title={Learning State Representations for Query Optimization with Deep Reinforcement Learning},
  author={Ortiz, Jennifer and Balazinska, Magdalena and Gehrke, Johannes and Keerthi, S Sathiya},
  journal={arXiv preprint arXiv:1803.08604},
  year={2018}
}

@article{mitzenmacher2018model,
  title={A Model for Learned Bloom Filters and Related Structures},
  author={Mitzenmacher, Michael},
  journal={arXiv preprint arXiv:1802.00884},
  year={2018}
}

@inproceedings{kraska2018case,
  title={The case for learned index structures},
  author={Kraska, Tim and Beutel, Alex and Chi, Ed H and Dean, Jeffrey and Polyzotis, Neoklis},
  booktitle={Proceedings of the 2018 International Conference on Management of Data},
  pages={489--504},
  year={2018},
  organization={ACM}
}

@inproceedings{swami1993polynomial,
  title={A polynomial time algorithm for optimizing join queries},
  author={Swami, Arun N and Iyer, Balakrishna R},
  booktitle={Proceedings of IEEE 9th International Conference on Data Engineering},
  pages={345--354},
  organization={IEEE}
}

@inproceedings{krishnamurthy1986optimization,
  title={Optimization of Nonrecursive Queries.},
  author={Krishnamurthy, Ravi and Boral, Haran and Zaniolo, Carlo},
  booktitle={VLDB},
  volume={86},
  pages={128--137},
  year={1986}
}

@article{ziane1993parallel,
  title={Parallel query processing with zigzag trees},
  author={Ziane, Mikal and Za{\"\i}t, Mohamed and Borla-Salamet, Pascale},
  journal={The VLDB Journal—The International Journal on Very Large Data Bases},
  volume={2},
  number={3},
  pages={277--302},
  year={1993},
  publisher={Springer-Verlag New York, Inc.}
}

@inproceedings{galindo2008optimizing,
  title={Optimizing star join queries for data warehousing in microsoft sql server},
  author={Galindo-Legaria, Cesar A and Grabs, Torsten and Gukal, Sreenivas and Herbert, Steve and Surna, Aleksandras and Wang, Shirley and Yu, Wei and Zabback, Peter and Zhang, Shin},
  booktitle={Data Engineering, 2008. ICDE 2008. IEEE 24th International Conference on},
  pages={1190--1199},
  year={2008},
  organization={IEEE}
}

@article{steinbrunn1997heuristic,
  title={Heuristic and randomized optimization for the join ordering problem},
  author={Steinbrunn, Michael and Moerkotte, Guido and Kemper, Alfons},
  journal={The VLDB Journal—The International Journal on Very Large Data Bases},
  volume={6},
  number={3},
  pages={191--208},
  year={1997},
  publisher={Springer-Verlag New York, Inc.}
}

@inproceedings{selinger1979access,
  title={Access path selection in a relational database management system},
  author={Selinger, P Griffiths and Astrahan, Morton M and Chamberlin, Donald D and Lorie, Raymond A and Price, Thomas G},
  booktitle={Proceedings of the 1979 ACM SIGMOD international conference on Management of data},
  pages={23--34},
  year={1979},
  organization={ACM}
}

@techreport{gerber1986data,
  title={Data-flow query processing using multiprocessor hash-partitioned algorithms},
  author={Gerber, Robert Howard},
  year={1986},
  institution={Wisconsin Univ., Madison (USA)}
}

@inproceedings{neumann2018adaptive,
  title={Adaptive Optimization of Very Large Join Queries},
  author={Neumann, Thomas and Radke, Bernhard},
  booktitle={Proceedings of the 2018 International Conference on Management of Data},
  pages={677--692},
  year={2018},
  organization={ACM}
}

@misc{data-flights,
  title={Data Sets for Data Fusion Experiments},
  author={Dong, Xin Luna},
  howpublished={\url{http://lunadong.com/fusionDataSets.htm}}
}
@misc{ray,
  title={Ray: A high-performance distributed execution engine},
  howpublished={\url{https://github.com/ray-project/ray}}
}
@misc{fortunearticle,
  title={Big data's dirty problem},
  howpublished={\url{http://fortune.com/2014/06/30/big-data-dirty-problem/}}
}

@article{mcdiarmid1989method,
  title={On the method of bounded differences},
  author={McDiarmid, Colin},
  journal={Surveys in combinatorics},
  volume={141},
  number={1},
  pages={148--188},
  year={1989}
}

@inproceedings{bousquet2001algorithmic,
  title={Algorithmic stability and generalization performance},
  author={Bousquet, Olivier and Elisseeff, Andr{\'e}},
  booktitle={Advances in Neural Information Processing Systems},
  pages={196--202},
  year={2001}
}

@article{kearns1999algorithmic,
  title={Algorithmic stability and sanity-check bounds for leave-one-out cross-validation},
  author={Kearns, Michael and Ron, Dana},
  journal={Neural computation},
  volume={11},
  number={6},
  pages={1427--1453},
  year={1999},
  publisher={MIT Press}
}

@misc{data,
  title={Wireless Data},
  howpublished={\url{http://db.csail.mit.edu/labdata/labdata.html}}
}
@misc{bdas,
title={Berkeley Data Analytics Stack},
howpublished={\url{https://amplab.cs.berkeley.edu/software/}}
}
@misc{dollarsfordocs,
  title = {Dollars For Docs},
  howpublished = {\url{https://projects.propublica.org/docdollars/}}
}
@misc{dollarsfordocsa,
title= {A Pharma Payment A Day Keeps Docs' Finances Okay},
howpublished= {\url{https://www.propublica.org/article/a-pharma-payment-a-day-keeps-docs-finances-ok}}
}
@misc{sparksurvey,
title={Apache Spark Survey},
howpublished={\url{https://databricks.com/blog/2015/09/24/spark-survey-results-2015-are-now-available.html}}}
@misc{nytimes,
title={For Big-Data Scientists, 'Janitor Work' Is Key Hurdle to Insights},
howpublished={\url{http://www.nytimes.com/2014/08/18/technology/for-big-data-scientists-hurdle-to-insights-is-janitor-work.html}}}
@misc{or,
  title={OpenRefine},
  howpublished={\url{http://openrefine.org/}}
}
@misc{tensor,
  title={Tensor Flow},
  howpublished={\url{https://www.tensorflow.org/}}
}
@misc{dpm,
  title={Google DeepMind},
  howpublished={\url{https://deepmind.com}}
}
@misc{keystone,
title={Keystone ML},
howpublished={\url{http://keystone-ml.org/}}
}
@misc{importstats,
  title={List of countries by imports},
  howpublished={\url{https://en.wikipedia.org/wiki/List_of_countries_by_imports}}
}
@misc{trifacta,
  title={Trifacta},
  howpublished={\url{https://www.trifacta.com/}}
}


@article{mariet2016outlier,
  title={Outlier Detection in Heterogeneous Datasets using Automatic Tuple Expansion},
  author={Mariet, Zelda and Harding, Rachael and Madden, Sam and others},
  year={2016}
}
@techreport{pit2016outlier,
  title={Outlier detection in heterogeneous datasets using automatic tuple expansion},
  author={Pit-Claudel, C and Mariet, Z and Harding, R and Madden, S},
  year={2016},
  institution={MIT}
}
@book{2011Bertossi,
  author    = {Leopoldo E. Bertossi},
  title     = {Database Repairing and Consistent Query Answering},
  publisher = {Morgan {\&} Claypool Publishers},
  year      = {2011},
}
@article{sculley2014machine,
  title={Machine learning: The high interest credit card of technical debt},
  author={Sculley, D and Holt, Gary and Golovin, Daniel and Davydov, Eugene and Phillips, Todd and Ebner, Dietmar and Chaudhary, Vinay and Young, Michael},
  booktitle = {arXiv},
  year={2014}
}
@inproceedings{AgarwalMPMMS13,
  title        = {BlinkDB: queries with bounded errors and bounded
    response times on very large data},
  year         = 2013,
  booktitle    = {EuroSys},
  author       = {Sameer Agarwal and Barzan Mozafari and Aurojit Panda
    and Henry Milner and Samuel Madden and Ion Stoica},
}
@inproceedings{DBLP:conf/case/MahlerKLSMKPWFAG14,
  title        = {Learning accurate kinematic control of cable-driven
    surgical robots using data cleaning and Gaussian Process
    Regression},
  year         = 2014,
  booktitle    = {CASE},
  author       = {Jeffrey Mahler and Sanjay Krishnan and Michael
    Laskey and Siddarth Sen and Adithyavairavan Murali and Ben Kehoe
    and Sachin Patil and Jiannan Wang and Mike Franklin and Pieter
    Abbeel and Kenneth Y. Goldberg},
  url          = {http://dx.doi.org/10.1109/CoASE.2014.6899377},
}
@inproceedings{DBLP:conf/cidr/SidirourgosKB11,
  title        = {SciBORQ: Scientific data management with Bounds On
    Runtime and Quality},
  year         = 2011,
  booktitle    = {CIDR},
  author       = {Lefteris Sidirourgos and Martin L. Kersten and Peter
    A. Boncz},
}
@inproceedings{DBLP:conf/eurosys/AgarwalMPMMS13,
  title        = {{BlinkDB:} queries with bounded errors and bounded
    response times on very large data},
  year         = 2013,
  booktitle    = {EuroSys},
  author       = {Sameer Agarwal and Barzan Mozafari and Aurojit Panda
    and Henry Milner and Samuel Madden and Ion Stoica},
}
@inproceedings{DBLP:conf/icde/JinGJA06,
  title        = {New Sampling-Based Estimators for OLAP Queries},
  year         = 2006,
  booktitle    = {ICDE},
  author       = {Ruoming Jin and Leonid Glimcher and Chris Jermaine
    and Gagan Agrawal},
}
@inproceedings{DBLP:conf/icde/OlkenR92,
  title        = {Maintenance of Materialized Views of Sampling
    Queries},
  year         = 1992,
  booktitle    = {ICDE},
  author       = {Frank Olken and Doron Rotem},
}
@inproceedings{DBLP:conf/kdd/BilenkoM03,
  title        = {Adaptive duplicate detection using learnable string
    similarity measures},
  year         = 2003,
  booktitle    = {KDD},
  author       = {Mikhail Bilenko and Raymond J. Mooney},
}
@inproceedings{DBLP:conf/kdd/KleinerTASJ13,
  title        = {A general bootstrap performance diagnostic},
  year         = 2013,
  booktitle    = {KDD},
  author       = {Ariel Kleiner and Ameet Talwalkar and Sameer Agarwal
    and Ion Stoica and Michael I. Jordan},
  url          = {http://doi.acm.org/10.1145/2487575.2487650},
}
@inproceedings{DBLP:conf/pervasive/JefferyAFHW06,
  title        = {Declarative Support for Sensor Data Cleaning},
  year         = 2006,
  booktitle    = {Pervasive Computing},
  author       = {Shawn R. Jeffery and Gustavo Alonso and Michael J.
    Franklin and Wei Hong and Jennifer Widom},
}
@inproceedings{DBLP:conf/pods/CharikarCMN00,
  title        = {Towards Estimation Error Guarantees for Distinct
    Values},
  year         = 2000,
  booktitle    = {PODS},
  author       = {Moses Charikar and Surajit Chaudhuri and Rajeev
    Motwani and Vivek R. Narasayya},
  url          = {http://doi.acm.org/10.1145/335168.335230},
}
@inproceedings{DBLP:conf/pods/Koch10,
  title        = {Incremental query evaluation in a ring of databases},
  year         = 2010,
  booktitle    = {PODS},
  author       = {Christoph Koch},
  url          = {http://doi.acm.org/10.1145/1807085.1807100},
}
@inproceedings{DBLP:conf/recsys/KrishnanPFG14,
  title        = {A methodology for learning, analyzing, and
    mitigating social influence bias in recommender systems},
  year         = 2014,
  booktitle    = {RecSys},
  author       = {Sanjay Krishnan and Jay Patel and Michael J.
    Franklin and Ken Goldberg},
  url          = {http://doi.acm.org/10.1145/2645710.2645740},
}
@inproceedings{DBLP:conf/sac/TrutaC07,
  title        = {\emph{K}-anonymization incremental maintenance and
    optimization techniques},
  year         = 2007,
  booktitle    = {SAC},
  author       = {Traian Marius Truta and Alina Campan},
  url          = {http://doi.acm.org/10.1145/1244002.1244093},
}
@inproceedings{DBLP:conf/sigmod/AcharyaGP00,
  title        = {Congressional Samples for Approximate Answering of
    Group-By Queries},
  year         = 2000,
  booktitle    = {SIGMOD},
  author       = {Swarup Acharya and Phillip B. Gibbons and Viswanath
    Poosala},
}
@inproceedings{DBLP:conf/sigmod/AcharyaGPR99,
  title        = {The Aqua Approximate Query Answering System},
  year         = 1999,
  booktitle    = {SIGMOD},
  author       = {Swarup Acharya and Phillip B. Gibbons and Viswanath
    Poosala and Sridhar Ramaswamy},
}
@inproceedings{DBLP:conf/sigmod/BabcockCD03,
  title        = {Dynamic Sample Selection for Approximate Query
    Processing},
  year         = 2003,
  booktitle    = {SIGMOD},
  author       = {Brian Babcock and Surajit Chaudhuri and Gautam Das},
}
@inproceedings{DBLP:conf/sigmod/BergmanMNT15,
  title        = {Query-Oriented Data Cleaning with Oracles},
  year         = 2015,
  booktitle    = {SIGMOD},
  author       = {Moria Bergman and Tova Milo and Slava Novgorodov and
    Wang Chiew Tan},
  url          = {http://doi.acm.org/10.1145/2723372.2737786},
}
@inproceedings{DBLP:conf/sigmod/ChalamallaIOP14,
  title        = {Descriptive and prescriptive data cleaning},
  year         = 2014,
  booktitle    = {SIGMOD},
  author       = {Anup Chalamalla and Ihab F. Ilyas and Mourad Ouzzani
    and Paolo Papotti},
  url          = {http://doi.acm.org/10.1145/2588555.2610520},
}
@inproceedings{DBLP:conf/sigmod/ChuIKW16,
  title        = {Data Cleaning: Overview and Emerging Challenges},
  year         = 2016,
  booktitle    = {SIGMOD},
  author       = {Xu Chu and Ihab F. Ilyas and Sanjay Krishnan and
    Jiannan Wang},
}
@inproceedings{DBLP:conf/sigmod/ColbyGLMT96,
  title        = {Algorithms for Deferred View Maintenance},
  year         = 1996,
  booktitle    = {SIGMOD},
  author       = {Latha S. Colby and Timothy Griffin and Leonid Libkin
    and Inderpal Singh Mumick and Howard Trickey},
}
@inproceedings{DBLP:conf/sigmod/CondieCAHGTES10,
  title        = {Online aggregation and continuous query support in
    MapReduce},
  year         = 2010,
  booktitle    = {SIGMOD},
  author       = {Tyson Condie and Neil Conway and Peter Alvaro and
    Joseph M. Hellerstein and John Gerth and Justin Talbot and Khaled
    Elmeleegy and Russell Sears},
}
@inproceedings{DBLP:conf/sigmod/DallachiesaEEEIOT13,
  title        = {NADEEF: a commodity data cleaning system},
  year         = 2013,
  booktitle    = {SIGMOD},
  author       = {Michele Dallachiesa and Amr Ebaid and Ahmed Eldawy
    and Ahmed K. Elmagarmid and Ihab F. Ilyas and Mourad Ouzzani and
    Nan Tang},
}
@inproceedings{DBLP:conf/sigmod/GokhaleDDNRSZ14,
  title        = {Corleone: hands-off crowdsourcing for entity
    matching},
  year         = 2014,
  booktitle    = {SIGMOD},
  author       = {Chaitanya Gokhale and Sanjib Das and AnHai Doan and
    Jeffrey F. Naughton and Narasimhan Rampalli and Jude W. Shavlik
    and Xiaojin Zhu},
  url          = {http://doi.acm.org/10.1145/2588555.2588576},
}
@inproceedings{DBLP:conf/sigmod/GriffinL95,
  title        = {Incremental Maintenance of Views with Duplicates},
  year         = 1995,
  booktitle    = {SIGMOD},
  author       = {Timothy Griffin and Leonid Libkin},
  url          = {http://doi.acm.org/10.1145/223784.223849},
}
@inproceedings{DBLP:conf/sigmod/HellersteinHW97,
  title        = {Online Aggregation},
  year         = 1997,
  booktitle    = {SIGMOD},
  author       = {Joseph M. Hellerstein and Peter J. Haas and Helen J.
    Wang},
}
@inproceedings{DBLP:conf/sigmod/JefferyFH08,
  title        = {Pay-as-you-go user feedback for dataspace systems},
  year         = 2008,
  booktitle    = {SIGMOD},
  author       = {Shawn R. Jeffery and Michael J. Franklin and Alon Y.
    Halevy},
}
@inproceedings{DBLP:conf/sigmod/KrishnanFGWW16,
  title        = {ActiveClean: An Interactive Data Cleaning Framework
    For Modern Machine Learning},
  year         = 2016,
  booktitle    = {SIGMOD Demo},
  author       = {Sanjay Krishnan and Michael J. Franklin and Ken
    Goldberg and Jiannan Wang and Eugene Wu},
  url          = {http://doi.acm.org/10.1145/2882903.2899409},
}
@inproceedings{DBLP:conf/sigmod/MeliouGNS11,
  title        = {Tracing data errors with view-conditioned causality},
  year         = 2011,
  booktitle    = {SIGMOD},
  author       = {Alexandra Meliou and Wolfgang Gatterbauer and Suman
    Nath and Dan Suciu},
  url          = {http://doi.acm.org/10.1145/1989323.1989376},
}
@inproceedings{DBLP:conf/sigmod/WangLF12,
  title        = {Can we beat the prefix filtering?: an adaptive
    framework for similarity join and search},
  year         = 2012,
  booktitle    = {SIGMOD},
  author       = {Jiannan Wang and Guoliang Li and Jianhua Feng},
}
@inproceedings{DBLP:conf/sigmod/XinRZFSS13,
  title        = {Shark: SQL and rich analytics at scale},
  year         = 2013,
  booktitle    = {SIGMOD},
  author       = {Reynold S. Xin and Josh Rosen and Matei Zaharia and
    Michael J. Franklin and Scott Shenker and Ion Stoica},
}
@inproceedings{DBLP:conf/sigmod/ZengGMZ14,
  title        = {The analytical bootstrap: a new method for fast
    error estimation in approximate query processing},
  year         = 2014,
  booktitle    = {SIGMOD},
  author       = {Kai Zeng and Shi Gao and Barzan Mozafari and Carlo
    Zaniolo},
  url          = {http://doi.acm.org/10.1145/2588555.2588579},
}
@inproceedings{DBLP:conf/uist/GuoKHH11,
  title        = {Proactive wrangling: mixed-initiative end-user
    programming of data transformation scripts},
  year         = 2011,
  booktitle    = {UIST},
  author       = {Philip J. Guo and Sean Kandel and Joseph M.
    Hellerstein and Jeffrey Heer},
  url          = {http://doi.acm.org/10.1145/2047196.2047205},
}
@inproceedings{DBLP:conf/vldb/GalhardasFSSS01,
  title        = {Declarative Data Cleaning: Language, Model, and
    Algorithms},
  year         = 2001,
  booktitle    = {PVLDB},
  author       = {Helena Galhardas and Daniela Florescu and Dennis
    Shasha and Eric Simon and Cristian{-}Augustin Saita},
  url          = {http://www.vldb.org/conf/2001/P371.pdf},
}
@inproceedings{DBLP:conf/vldb/GarofalakisG01,
  title        = {Approximate Query Processing: Taming the TeraBytes},
  year         = 2001,
  booktitle    = {VLDB},
  author       = {Minos N. Garofalakis and Phillip B. Gibbons},
}
@inproceedings{DBLP:journals/cgf/LiuJH13,
  title        = {\emph{imMens}: Real-time Visual Querying of Big Data},
  year         = 2013,
  booktitle    = {Comput. Graph. Forum},
  author       = {Zhicheng Liu and Biye Jiang and Jeffrey Heer},
  url          = {http://dx.doi.org/10.1111/cgf.12129},
}
@inproceedings{DBLP:journals/corr/KrishnanGLMPG16,
  title        = {{HIRL:} Hierarchical Inverse Reinforcement Learning
    for Long-Horizon Tasks with Delayed Rewards},
  year         = 2016,
  booktitle    = {CoRR},
  author       = {Sanjay Krishnan and Animesh Garg and Richard Liaw
    and Lauren Miller and Florian T. Pokorny and Ken Goldberg},
  url          = {http://arxiv.org/abs/1604.06508},
}
@inproceedings{DBLP:journals/debu/KrishnanWFGKM015,
  title        = {SampleClean: Fast and Reliable Analytics on Dirty
    Data},
  year         = 2015,
  booktitle    = {IEEE Data Eng. Bull.},
  author       = {Sanjay Krishnan and Jiannan Wang and Michael J.
    Franklin and Ken Goldberg and Tim Kraska and Tova Milo and Eugene
    Wu},
  url          = {http://sites.computer.org/debull/A15sept/p59.pdf},
}
@inproceedings{DBLP:journals/ftdb/CormodeGHJ12,
  title        = {Synopses for Massive Data: Samples, Histograms,
    Wavelets, Sketches},
  year         = 2012,
  booktitle    = {Foundations and Trends in Databases},
  author       = {Graham Cormode and Minos N. Garofalakis and Peter J.
    Haas and Chris Jermaine},
  url          = {http://dx.doi.org/10.1561/1900000004},
}
@inproceedings{DBLP:journals/pvldb/0002M13,
  title        = {Scorpion: Explaining Away Outliers in Aggregate
    Queries},
  year         = 2013,
  booktitle    = {VLDB},
  author       = {Eugene Wu and Samuel Madden},
  url          = {http://www.vldb.org/pvldb/vol6/p553-wu.pdf},
}
@inproceedings{DBLP:journals/pvldb/AbedjanCDFIOPST16,
  title        = {Detecting Data Errors: Where are we and what needs
    to be done?},
  year         = 2016,
  booktitle    = {PVLDB},
  author       = {Ziawasch Abedjan and Xu Chu and Dong Deng and Raul
    Castro Fernandez and Ihab F. Ilyas and Mourad Ouzzani and Paolo
    Papotti and Michael Stonebraker and Nan Tang},
  url          = {http://www.vldb.org/pvldb/vol9/p993-abedjan.pdf},
}
@inproceedings{DBLP:journals/pvldb/DongS13,
  title        = {Big Data Integration},
  year         = 2013,
  booktitle    = {PVLDB},
  author       = {Xin Luna Dong and Divesh Srivastava},
}
@inproceedings{DBLP:journals/pvldb/FanLMTY10,
  title        = {Towards Certain Fixes with Editing Rules and Master
    Data},
  year         = 2010,
  booktitle    = {PVLDB},
  author       = {Wenfei Fan and Jianzhong Li and Shuai Ma and Nan
    Tang and Wenyuan Yu},
}
@inproceedings{DBLP:journals/pvldb/HaasKWF015,
  title        = {Wisteria: Nurturing Scalable Data Cleaning
    Infrastructure},
  year         = 2015,
  booktitle    = {VLDB},
  author       = {Daniel Haas and Sanjay Krishnan and Jiannan Wang and
    Michael J. Franklin and Eugene Wu},
  url          = {http://www.vldb.org/pvldb/vol8/p2004-haas.pdf},
}
@inproceedings{DBLP:journals/pvldb/KopckeTR10,
  title        = {Evaluation of entity resolution approaches on
    real-world match problems},
  year         = 2010,
  booktitle    = {PVLDB},
  author       = {Hanna K{\"o}pcke and Andreas Thor and Erhard Rahm},
}
@inproceedings{DBLP:journals/pvldb/KrishnanWWFG16,
  title        = {ActiveClean: Interactive Data Cleaning For
    Statistical Modeling},
  year         = 2016,
  booktitle    = {PVLDB},
  author       = {Sanjay Krishnan and Jiannan Wang and Eugene Wu and
    Michael J. Franklin and Ken Goldberg},
  url          = {http://www.vldb.org/pvldb/vol9/p948-krishnan.pdf},
}
@inproceedings{DBLP:journals/pvldb/MankuM12,
  title        = {Approximate Frequency Counts over Data Streams},
  year         = 2012,
  booktitle    = {VLDB},
  author       = {Gurmeet Singh Manku and Rajeev Motwani},
  url          = {http://vldb.org/pvldb/vol5/p1699_gurmeetsinghmanku_vldb2012.pdf},
}
@inproceedings{DBLP:journals/pvldb/MelnikGLRSTV10,
  title        = {Dremel: Interactive Analysis of Web-Scale Datasets},
  year         = 2010,
  booktitle    = {PVLDB},
  author       = {Sergey Melnik and Andrey Gubarev and Jing Jing Long
    and Geoffrey Romer and Shiva Shivakumar and Matt Tolton and Theo
    Vassilakis},
}
@inproceedings{DBLP:journals/pvldb/MozafariSFJM14,
  title        = {Scaling Up Crowd-Sourcing to Very Large Datasets:
    {A} Case for Active Learning},
  year         = 2014,
  booktitle    = {VLDB},
  author       = {Barzan Mozafari and Purnamrita Sarkar and Michael J.
    Franklin and Michael I. Jordan and Samuel Madden},
  url          = {http://www.vldb.org/pvldb/vol8/p125-Mozafari.pdf},
}
@inproceedings{DBLP:journals/pvldb/NirkhiwaleDJ13,
  title        = {A Sampling Algebra for Aggregate Estimation},
  year         = 2013,
  booktitle    = {VLDB},
  author       = {Supriya Nirkhiwale and Alin Dobra and Christopher M.
    Jermaine},
  url          = {http://www.vldb.org/pvldb/vol6/p1798-nirkhiwale.pdf},
}
@inproceedings{DBLP:journals/pvldb/PansareBJC11,
  title        = {Online Aggregation for Large MapReduce Jobs},
  year         = 2011,
  booktitle    = {PVLDB},
  author       = {Niketan Pansare and Vinayak R. Borkar and Chris
    Jermaine and Tyson Condie},
}
@inproceedings{DBLP:journals/pvldb/WuJOT09,
  title        = {Distributed Online Aggregation},
  year         = 2009,
  booktitle    = {PVLDB},
  author       = {Sai Wu and Shouxu Jiang and Beng Chin Ooi and
    Kian-Lee Tan},
}
@inproceedings{DBLP:journals/pvldb/YakoutENOI11,
  title        = {Guided data repair},
  year         = 2011,
  booktitle    = {VLDB},
  author       = {Mohamed Yakout and Ahmed K. Elmagarmid and Jennifer
    Neville and Mourad Ouzzani and Ihab F. Ilyas},
  url          = {http://portal.acm.org/citation.cfm?id=1952378&CFID=12591584&CFTOKEN=15173685},
}
@inproceedings{DBLP:journals/tkde/ElmagarmidIV07,
  title        = {Duplicate Record Detection: A Survey},
  year         = 2007,
  booktitle    = {TKDE},
  author       = {Ahmed K. Elmagarmid and Panagiotis G. Ipeirotis and
    Vassilios S. Verykios},
}
@inproceedings{DBLP:journals/tods/ChaudhuriDN07,
  title        = {Optimized stratified sampling for approximate query
    processing},
  year         = 2007,
  booktitle    = {TODS},
  author       = {Surajit Chaudhuri and Gautam Das and Vivek R.
    Narasayya},
}
@inproceedings{DBLP:journals/toms/Vitter85,
  title        = {Random Sampling with a Reservoir},
  year         = 1985,
  booktitle    = {{ACM} Trans. Math. Softw.},
  author       = {Jeffrey Scott Vitter},
  url          = {http://doi.acm.org/10.1145/3147.3165},
}
@inproceedings{DBLP:journals/vldb/CuiW03,
  title        = {Lineage tracing for general data warehouse
    transformations},
  year         = 2003,
  booktitle    = {VLDBJ},
  author       = {Yingwei Cui and Jennifer Widom},
  url          = {http://dx.doi.org/10.1007/s00778-002-0083-8},
}
@inproceedings{DBLP:journals/vldb/KochAKNNLS14,
  title        = {DBToaster: higher-order delta processing for
    dynamic, frequently fresh views},
  year         = 2014,
  booktitle    = {VLDBJ},
  author       = {Christoph Koch and Yanif Ahmad and Oliver Kennedy
    and Milos Nikolic and Andres N{\"{o}}tzli and Daniel Lupei and
    Amir Shaikhha},
  url          = {http://dx.doi.org/10.1007/s00778-013-0348-4},
}
@book{DBLP:series/synthesis/2012Fan,
  title        = {Foundations of Data Quality Management},
  year         = 2012,
  booktitle    = {Foundations of Data Quality Management},
  author       = {Wenfei Fan and Floris Geerts},
}

@article{chung2016data,
  title={A Data Quality Metric (DQM): How to Estimate The Number of Undetected Errors in Data Sets},
  author={Chung, Yeounoh and Krishnan, Sanjay and Kraska, Tim},
  year         = 2014,
  booktitle    = {VLDB},
}


@book{DBLP:series/synthesis/2013Ganti,
  title        = {Data Cleaning: A Practical Perspective},
  year         = 2013,
  booktitle    = {Data Cleaning: A Practical Perspective},
  author       = {Venkatesh Ganti and Anish Das Sarma},
}
@inproceedings{Gartner,
  title        = {Gartner Warns Firms of 'Dirty Data'},
  year         = 2007,
  booktitle    = {Information Management Journal},
  author       = {Swartz, N.},
  url          = {http://www.gartner.com/newsroom/id/501733},
}
@inproceedings{KrishnamurthyFDFGLT10,
  title        = {Continuous analytics over discontinuous streams},
  year         = 2010,
  booktitle    = {SIGMOD},
  author       = {Sailesh Krishnamurthy and Michael J. Franklin and
    Jeffrey Davis and Daniel Farina and Pasha Golovko and Alan Li and
    Neil Thombre},
}
@inproceedings{LarsonY85,
  title        = {Computing Queries from Derived Relations},
  year         = 1985,
  booktitle    = {VLDB},
  author       = {Per-{\AA}ke Larson and H. Z. Yang},
}
@inproceedings{OlkenR86,
  title        = {Simple Random Sampling from Relational Databases},
  year         = 1986,
  booktitle    = {VLDB},
  author       = {Frank Olken and Doron Rotem},
}
@inproceedings{abadi2003aurora,
  title        = {Aurora: a new model and architecture for data stream
    management},
  year         = 2003,
  booktitle    = {VLDBJ},
  author       = {Daniel J. Abadi and Donald Carney and Ugur
    \c{C}etintemel and Mitch Cherniack and Christian Convey and
    Sangdon Lee and Michael Stonebraker and Nesime Tatbul and Stanley
    B. Zdonik},
}
@inproceedings{activecleanarxiv,
  title        = {ActiveClean: Interactive Data Cleaning While
    Learning Convex Loss Models},
  year         = 2015,
  booktitle    = {Arxiv},
  author       = {Sanjay Krishnan and Jiannan Wang and Eugene Wu and
    Michael J. Franklin and Ken Goldberg},
  url          = {\url{http://arxiv.org/abs/1601.03797}},
}
@inproceedings{adam2012experience,
  title        = {Experience replay for real-time reinforcement
    learning control},
  year         = 2012,
  booktitle    = {TSMC},
  author       = {Adam, Sander and Busoniu, Lucian and Babuska, Robert},
  publisher    = {IEEE},
}
@inproceedings{agarwalknowing,
  title        = {Knowing when you're wrong: building fast and
    reliable approximate query processing systems},
  year         = 2014,
  booktitle    = {SIGMOD},
  author       = {Sameer Agarwal and Henry Milner and Ariel Kleiner
    and Ameet Talwalkar and Michael I. Jordan and Samuel Madden and
    Barzan Mozafari and Ion Stoica},
}
@inproceedings{aggarwal2001outlier,
  title        = {Outlier detection for high dimensional data},
  year         = 2001,
  booktitle    = {SIGMOD Record},
  author       = {Aggarwal, Charu C and Yu, Philip S},
}
@inproceedings{agrawal2005database,
  title        = {Database Tuning Advisor for Microsoft SQL Server
    2005},
  year         = 2004,
  booktitle    = {VLDB},
  author       = {Sanjay Agrawal and Surajit Chaudhuri and Lubor
    Koll{\'a}r and Arunprasad P. Marathe and Vivek R. Narasayya and
    Manoj Syamala},
}
@inproceedings{aho1979theory,
  title        = {The theory of joins in relational databases},
  year         = 1979,
  booktitle    = {TODS},
  author       = {Aho, Alfred V and Beeri, Catriel and Ullman, Jeffrey
    D},
  publisher    = {ACM},
}
@inproceedings{alexandrov2014stratosphere,
  title        = {The Stratosphere platform for big data analytics},
  year         = 2014,
  booktitle    = {VLDBJ},
  author       = {Alexander Alexandrov and Rico Bergmann and Stephan
    Ewen and Johann{-}Christoph Freytag and Fabian Hueske and Arvid
    Heise and Odej Kao and Marcus Leich and Ulf Leser and Volker Markl
    and Felix Naumann and Mathias Peters and Astrid Rheinl{\"{a}}nder
    and Matthias J. Sax and Sebastian Schelter and Mareike H{\"{o}}ger
    and Kostas Tzoumas and Daniel Warneke},
  url          = {http://dx.doi.org/10.1007/s00778-014-0357-y},
}
@inproceedings{altowim2014progressive,
  title        = {Progressive Approach to Relational Entity Resolution},
  year         = 2014,
  booktitle    = {VLDB},
  author       = {Yasser Altowim and Dmitri V. Kalashnikov and Sharad
    Mehrotra},
  url          = {http://www.vldb.org/pvldb/vol7/p999-altowim.pdf},
}
@inproceedings{altwaijry2015query,
  title        = {QuERy: a framework for integrating entity resolution
    with query processing},
  year         = 2015,
  booktitle    = {VLDB},
  author       = {Altwaijry, Hotham and Mehrotra, Sharad and
    Kalashnikov, Dmitri V},
  publisher    = {VLDB Endowment},
}
@inproceedings{argonaut,
  title        = {Argonaut: Macrotask crowdsourcing for complex data
    processing},
  year         = 2015,
  booktitle    = {VLDB},
  author       = {Haas, Daniel and Ansel, Jason and Gu, Lydia and
    Marcus, Adam},
}
@inproceedings{armbrust2015spark,
  title        = {Spark {SQL:} Relational Data Processing in Spark},
  year         = 2015,
  booktitle    = {SIGMOD},
  author       = {Michael Armbrust and Reynold S. Xin and Cheng Lian
    and Yin Huai and Davies Liu and Joseph K. Bradley and Xiangrui
    Meng and Tomer Kaftan and Michael J. Franklin and Ali Ghodsi and
    Matei Zaharia},
  url          = {http://doi.acm.org/10.1145/2723372.2742797},
}
@inproceedings{babcock2002sampling,
  title        = {Sampling from a moving window over streaming data},
  year         = 2002,
  booktitle    = {SODA},
  author       = {Babcock, Brian and Datar, Mayur and Motwani, Rajeev},
}
@inproceedings{babcock2004load,
  title        = {Load Shedding for Aggregation Queries over Data
    Streams},
  year         = 2004,
  booktitle    = {ICDE},
  author       = {Brian Babcock and Mayur Datar and Rajeev Motwani},
}
@inproceedings{bailis2014scalable,
  title        = {Scalable atomic visibility with RAMP transactions},
  year         = 2014,
  booktitle    = {SIGMOD},
  author       = {Peter Bailis and Alan Fekete and Joseph M.
    Hellerstein and Ali Ghodsi and Ion Stoica},
}
@inproceedings{bailis2016macrobase,
  title        = {MacroBase: Analytic Monitoring for the Internet of
    Things},
  year         = 2016,
  booktitle    = {arXiv},
  author       = {Bailis, Peter and Narayanan, Deepak and Madden,
    Samuel},
}
@inproceedings{benedikt2017benchmarking,
  title        = {Benchmarking the chase},
  year         = 2017,
  booktitle    = {PODS},
  author       = {Benedikt, Michael and Konstantinidis, George and
    Mecca, Giansalvatore and Motik, Boris and Papotti, Paolo and
    Santoro, Donatello and Tsamoura, Efthymia},
}
@inproceedings{bertossi2013data,
  title        = {Data cleaning and query answering with matching
    dependencies and matching functions},
  year         = 2013,
  booktitle    = {Springer},
  author       = {Bertossi, Leopoldo and Kolahi, Solmaz and
    Lakshmanan, Laks VS},
}
@inproceedings{bertsekas2011incremental,
  title        = {Incremental Gradient, Subgradient, and Proximal
    Methods for Convex Optimization: {A} Survey},
  year         = 2015,
  booktitle    = {CoRR},
  author       = {Dimitri P. Bertsekas},
  url          = {http://arxiv.org/abs/1507.01030},
}
@inproceedings{bickel1975sex,
  title        = {Sex bias in graduate admissions: data from berkeley.},
  year         = 1975,
  booktitle    = {Science},
  author       = {Bickel, PJ and Hammel, EA and O'connell, JW},
}
@inproceedings{bohannon2005cost,
  title        = {A cost-based model and effective heuristic for
    repairing constraints by value modification},
  year         = 2005,
  booktitle    = {SIGMOD},
  author       = {Bohannon, Philip and Fan, Wenfei and Flaster,
    Michael and Rastogi, Rajeev},
}
@incollection{bottou2012stochastic,
  title        = {Stochastic Gradient Descent Tricks},
  year         = 2012,
  booktitle    = {Neural Networks: Tricks of the Trade},
  author       = {L{\'{e}}on Bottou},
  url          = {http://dx.doi.org/10.1007/978-3-642-35289-8_25},
}
@inproceedings{bruno2005flexible,
  title        = {Flexible Database Generators},
  year         = 2005,
  booktitle    = {VLDB},
  author       = {Nicolas Bruno and Surajit Chaudhuri},
}
@inproceedings{bubeck2013multiple,
  title        = {Multiple Identifications in Multi-Armed Bandits.},
  year         = 2013,
  booktitle    = {ICML},
  author       = {Bubeck, S{\'e}bastien and Wang, Tengyao and
    Viswanathan, Nitin},
}
@inproceedings{charig1986comparison,
  title        = {Comparison of treatment of renal calculi by open
    surgery, percutaneous nephrolithotomy, and extracorporeal
    shockwave lithotripsy.},
  year         = 1986,
  booktitle    = {Br Med J (Clin Res Ed)},
  author       = {Charig, Clive R and Webb, David R and Payne, Stephen
    Richard and Wickham, John E},
  publisher    = {British Medical Journal Publishing Group},
}
@inproceedings{chaudhuri1999random,
  title        = {On random sampling over joins},
  year         = 1999,
  booktitle    = {SIGMOD},
  author       = {Chaudhuri, Surajit and Motwani, Rajeev and
    Narasayya, Vivek},
}
@inproceedings{chaudhuri2001overcoming,
  title        = {Overcoming Limitations of Sampling for Aggregation
    Queries},
  year         = 2001,
  booktitle    = {ICDE},
  author       = {Surajit Chaudhuri and Gautam Das and Mayur Datar and
    Rajeev Motwani and Vivek R. Narasayya},
}
@inproceedings{chen2014integrating,
  title        = {Integrating spreadsheet data via accurate and
    low-effort extraction},
  year         = 2014,
  booktitle    = {KDD},
  author       = {Chen, Zhe and Cafarella, Michael},
}
@inproceedings{cheung2013optimizing,
  title        = {Optimizing database-backed applications with query
    synthesis},
  year         = 2013,
  booktitle    = {SIGPLAN Notice},
  author       = {Cheung, Alvin and Solar-Lezama, Armando and Madden,
    Samuel},
  publisher    = {ACM},
}
@inproceedings{chirkova2011materialized,
  title        = {Materialized Views},
  year         = 2012,
  booktitle    = {Foundations and Trends in Databases},
  author       = {Rada Chirkova and Jun Yang},
}
@inproceedings{chu2005data,
  title        = {Data cleaning using belief propagation},
  year         = 2005,
  booktitle    = {IQIS},
  author       = {Chu, Fang and Wang, Yizhou and Parker, D Stott and
    Zaniolo, Carlo},
}
@inproceedings{chu2013discovering,
  title        = {Discovering denial constraints},
  year         = 2013,
  booktitle    = {VLDB},
  author       = {Chu, Xu and Ilyas, Ihab F and Papotti, Paolo},
  publisher    = {VLDB Endowment},
}
@inproceedings{chu2013holistic,
  title        = {Holistic data cleaning: Putting violations into
    context},
  year         = 2013,
  booktitle    = {ICDE},
  author       = {Chu, Xu and Ilyas, Ihab F and Papotti, Paolo},
}
@inproceedings{chu2015katara,
  title        = {{KATARA:} {A} Data Cleaning System Powered by
    Knowledge Bases and Crowdsourcing},
  year         = 2015,
  booktitle    = {SIGMOD},
  author       = {Xu Chu and John Morcos and Ihab F. Ilyas and Mourad
    Ouzzani and Paolo Papotti and Nan Tang and Yin Ye},
  url          = {http://doi.acm.org/10.1145/2723372.2749431},
}
@inproceedings{clauset2009power,
  title        = {Power-Law Distributions in Empirical Data},
  year         = 2009,
  booktitle    = {SIAM Review},
  author       = {Aaron Clauset and Cosma Rohilla Shalizi and Mark E.
    J. Newman},
}
@inproceedings{codd1970relational,
  title        = {A relational model of data for large shared data
    banks},
  year         = 1970,
  booktitle    = {Communications of the ACM},
  author       = {Codd, Edgar F},
  publisher    = {ACM},
}
@inproceedings{crotty2014tupleware,
  title        = {Tupleware: Distributed Machine Learning on Small
    Clusters},
  year         = 2014,
  booktitle    = {IEEE Data Eng. Bull.},
  author       = {Andrew Crotty and Alex Galakatos and Tim Kraska},
  url          = {http://sites.computer.org/debull/A14sept/p63.pdf},
}
@inproceedings{crowdanalysis,
  title        = {Strategies for crowdsourcing social data analysis},
  year         = 2012,
  booktitle    = {CHI},
  author       = {Willett, Wesley and Heer, Jeffrey and Agrawala,
    Maneesh},
  url          = {http://doi.acm.org/10.1145/2207676.2207709},
}
@inproceedings{cuzzocrea2006improving,
  title        = {Improving range-sum query evaluation on data cubes
    via polynomial approximation},
  year         = 2006,
  booktitle    = {Data Knowl. Eng.},
  author       = {Alfredo Cuzzocrea},
}
@inproceedings{dekel2012optimal,
  title        = {Optimal Distributed Online Prediction Using
    Mini-Batches},
  year         = 2012,
  booktitle    = {JMLR},
  author       = {Ofer Dekel and Ran Gilad{-}Bachrach and Ohad Shamir
    and Lin Xiao},
  url          = {http://dl.acm.org/citation.cfm?id=2188391},
}
@inproceedings{deshpande2004model,
  title        = {Model-Driven Data Acquisition in Sensor Networks},
  year         = 2004,
  booktitle    = {VLDB},
  author       = {Amol Deshpande and Carlos Guestrin and Samuel Madden
    and Joseph M. Hellerstein and Wei Hong},
  url          = {http://www.vldb.org/conf/2004/RS16P1.PDF},
}
@inproceedings{dietterich2000ensemble,
  title        = {Ensemble methods in machine learning},
  year         = 2000,
  booktitle    = {International workshop on multiple classifier
    systems},
  author       = {Dietterich, Thomas G},
}
@inproceedings{dobra2002processing,
  title        = {Processing complex aggregate queries over data
    streams},
  year         = 2002,
  booktitle    = {SIGMOD},
  author       = {Alin Dobra and Minos N. Garofalakis and Johannes
    Gehrke and Rajeev Rastogi},
}
@inproceedings{drineas2012fast,
  title        = {Fast approximation of matrix coherence and
    statistical leverage},
  year         = 2012,
  booktitle    = {JMLR},
  author       = {Petros Drineas and Malik Magdon{-}Ismail and Michael
    W. Mahoney and David P. Woodruff},
  url          = {http://dl.acm.org/citation.cfm?id=2503352},
}
@incollection{engstrom2002systematic,
  title        = {A systematic approach to selecting maintenance
    policies in a data warehouse environment},
  year         = 2002,
  booktitle    = {EDBT},
  author       = {Engstr{\"o}m, Henrik and Chakravarthy, Sharma and
    Lings, Brian},
  publisher    = {Springer},
}
@inproceedings{eracer,
  title        = {{ERACER:} a database approach for statistical
    inference and data cleaning},
  year         = 2010,
  booktitle    = {SIGMOD},
  author       = {Chris Mayfield and Jennifer Neville and Sunil
    Prabhakar},
  url          = {http://doi.acm.org/10.1145/1807167.1807178},
}
@inproceedings{fan2012foundations,
  title        = {Foundations of Data Quality Management},
  year         = 2012,
  booktitle    = {Morgan \& Claypool Publishers},
  author       = {Fan, Wenfei and Geerts, Floris},
}
@inproceedings{fayyad1996data,
  title        = {From data mining to knowledge discovery in databases},
  year         = 1996,
  booktitle    = {AI magazine},
  author       = {Fayyad, Usama and Piatetsky-Shapiro, Gregory and
    Smyth, Padhraic},
}
@inproceedings{feng2012towards,
  title        = {Towards a unified architecture for in-RDBMS
    analytics},
  year         = 2012,
  booktitle    = {SIGMOD},
  author       = {Feng, Xixuan and Kumar, Arun and Recht, Benjamin and
    R{\'e}, Christopher},
}
@inproceedings{feng2014robust,
  title        = {Robust Logistic Regression and Classification},
  year         = 2014,
  booktitle    = {NIPS},
  author       = {Jiashi Feng and Huan Xu and Shie Mannor and
    Shuicheng Yan},
  url          = {http://papers.nips.cc/paper/5515-robust-logistic-regression-and-classification},
}
@inproceedings{freund1995desicion,
  title        = {A desicion-theoretic generalization of on-line
    learning and an application to boosting},
  year         = 1995,
  booktitle    = {European conference on computational learning theory},
  author       = {Freund, Yoav and Schapire, Robert E},
}
@inproceedings{garofalakis2001approximate,
  title        = {Approximate Query Processing: Taming the TeraBytes},
  year         = 2001,
  booktitle    = {VLDB},
  author       = {Minos N. Garofalakis and Phillip B. Gibbons},
}
@inproceedings{geerts2013llunatic,
  title        = {The LLUNATIC data-cleaning framework},
  year         = 2013,
  booktitle    = {VLDB},
  author       = {Geerts, Floris and Mecca, Giansalvatore and Papotti,
    Paolo and Santoro, Donatello},
  publisher    = {VLDB Endowment},
}
@inproceedings{ghanem2010supporting,
  title        = {Supporting views in data stream management systems},
  year         = 2010,
  booktitle    = {ACM},
  author       = {Ghanem, Thanaa M and Elmagarmid, Ahmed K and Larson,
    Per-{\AA}ke and Aref, Walid G},
}
@inproceedings{gibbons1997fast,
  title        = {Fast incremental maintenance of approximate
    histograms},
  year         = 2002,
  booktitle    = {TODS},
  author       = {Phillip B. Gibbons and Yossi Matias and Viswanath
    Poosala},
}
@inproceedings{gibbons1998new,
  title        = {New sampling-based summary statistics for improving
    approximate query answers},
  year         = 1998,
  booktitle    = {SIGMOD Record},
  author       = {Gibbons, Phillip B and Matias, Yossi},
}
@inproceedings{gokhale2014corleone,
  title        = {Corleone: Hands-off crowdsourcing for entity
    matching},
  year         = 2014,
  booktitle    = {SIGMOD},
  author       = {Gokhale, Chaitanya and Das, Sanjib and Doan, AnHai
    and Naughton, Jeffrey F and Rampalli, Narasimhan and Shavlik, Jude
    and Zhu, Xiaojin},
}
@inproceedings{golab2011consistency,
  title        = {Consistency in a Stream Warehouse},
  year         = 2011,
  booktitle    = {CIDR},
  author       = {Lukasz Golab and Theodore Johnson},
}
@inproceedings{golab2012scalable,
  title        = {Scalable Scheduling of Updates in Streaming Data
    Warehouses},
  year         = 2012,
  booktitle    = {TKDE},
  author       = {Lukasz Golab and Theodore Johnson and Vladislav
    Shkapenyuk},
}
@inproceedings{gray1997data,
  title        = {Data Cube: A Relational Aggregation Operator
    Generalizing Group-by, Cross-Tab, and Sub Totals},
  year         = 1997,
  booktitle    = {Data Min. Knowl. Discov.},
  author       = {Jim Gray and Surajit Chaudhuri and Adam Bosworth and
    Andrew Layman and Don Reichart and Murali Venkatrao and Frank
    Pellow and Hamid Pirahesh},
}
@inproceedings{greco2012incomplete,
  title        = {Incomplete data and data dependencies in relational
    databases},
  year         = 2012,
  booktitle    = {Synthesis Lectures on Data Management},
  author       = {Greco, Sergio and Molinaro, Cristian and Spezzano,
    Francesca},
}
@inproceedings{greenwald2001space,
  title        = {Space-Efficient Online Computation of Quantile
    Summaries},
  year         = 2001,
  booktitle    = {SIGMOD},
  author       = {Michael Greenwald and Sanjeev Khanna},
}
@inproceedings{griffin1997improved,
  title        = {An improved algorithm for the incremental
    recomputation of active relational expressions},
  year         = 1997,
  booktitle    = {IEEE Computer Society},
  author       = {Griffin, Timothy and Libkin, Leonid and Trickey,
    Howard},
}
@inproceedings{gruenheid2014incremental,
  title        = {Incremental Record Linkage},
  year         = 2014,
  booktitle    = {VLDB},
  author       = {Anja Gruenheid and Xin Luna Dong and Divesh
    Srivastava},
  url          = {http://www.vldb.org/pvldb/vol7/p697-gruenheid.pdf},
}
@inproceedings{grund2009vertical,
  title        = {Vertical partioning in insert-only scenarios for
    enterprise applications},
  year         = 2009,
  booktitle    = {IE\&EM},
  author       = {Grund, Martin and Krueger, Jens and Tinnefeld,
    Christian and Zeier, Alexander},
}
@inproceedings{gu2017deep,
  title        = {Deep reinforcement learning for robotic manipulation
    with asynchronous off-policy updates},
  year         = 2017,
  booktitle    = {ICRA},
  author       = {Gu, Shixiang and Holly, Ethan and Lillicrap, Timothy
    and Levine, Sergey},
}
@inproceedings{guillory2009active,
  title        = {Active learning as non-convex optimization},
  year         = 2009,
  booktitle    = {AISTATS},
  author       = {Guillory, Andrew and Chastain, Erick and Bilmes,
    Jeff},
}
@inproceedings{gupta1995maintenance,
  title        = {Maintenance of Materialized Views: Problems,
    Techniques, and Applications},
  year         = 1995,
  booktitle    = {IEEE Data Eng. Bull.},
  author       = {Ashish Gupta and Inderpal Singh Mumick},
}
@inproceedings{gupta2006incremental,
  title        = {Incremental maintenance of aggregate and outerjoin
    expressions},
  year         = 2006,
  booktitle    = {Elsevier},
  author       = {Gupta, Himanshu and Mumick, Inderpal Singh},
}
@inproceedings{halevy2001answering,
  title        = {Answering queries using views: A survey},
  year         = 2001,
  booktitle    = {VLDBJ},
  author       = {Alon Y. Halevy},
}
@inproceedings{he2010comet,
  title        = {Comet: batched stream processing for data intensive
    distributed computing},
  year         = 2010,
  booktitle    = {SoCC},
  author       = {Bingsheng He and Mao Yang and Zhenyu Guo and Rishan
    Chen and Bing Su and Wei Lin and Lidong Zhou},
}
@inproceedings{heise2014estimating,
  title        = {Estimating the Number and Sizes of Fuzzy-Duplicate
    Clusters},
  year         = 2014,
  booktitle    = {CIKM},
  author       = {Arvid Heise and Gjergji Kasneci and Felix Naumann},
  url          = {http://doi.acm.org/10.1145/2661829.2661885},
}
@inproceedings{hellerstein2008quantitative,
  title        = {Quantitative data cleaning for large databases},
  year         = 2008,
  booktitle    = {UNECE},
  author       = {Hellerstein, Joseph M},
}
@inproceedings{hellerstein2012madlib,
  title        = {The MADlib Analytics Library or {MAD} Skills, the
    {SQL}},
  year         = 2012,
  booktitle    = {VLDB},
  author       = {Joseph M. Hellerstein and Christopher R{\'{e}} and
    Florian Schoppmann and Daisy Zhe Wang and Eugene Fratkin and
    Aleksander Gorajek and Kee Siong Ng and Caleb Welton and Xixuan
    Feng and Kun Li and Arun Kumar},
  url          = {http://vldb.org/pvldb/vol5/p1700_joehellerstein_vldb2012.pdf},
}
@inproceedings{hoeffding1948class,
  title        = {A class of statistics with asymptotically normal
    distribution},
  year         = 1948,
  booktitle    = {JSTOR},
  author       = {Hoeffding, Wassily},
}
@inproceedings{jaggi2014communication,
  title        = {Communication-Efficient Distributed Dual Coordinate
    Ascent},
  year         = 2014,
  booktitle    = {NIPS},
  author       = {Martin Jaggi and Virginia Smith and Martin
    Tak{\'{a}}c and Jonathan Terhorst and Sanjay Krishnan and Thomas
    Hofmann and Michael I. Jordan},
  url          = {http://papers.nips.cc/paper/5599-communication-efficient-distributed-dual-coordinate-ascent},
}
@inproceedings{jin2017foofah,
  title        = {Foofah: Transforming data by example},
  year         = 2017,
  booktitle    = {SIGMOD},
  author       = {Jin, Zhongjun and Anderson, Michael R and Cafarella,
    Michael and Jagadish, HV},
}
@inproceedings{joshi2008materialized,
  title        = {Materialized Sample Views for Database Approximation},
  year         = 2008,
  booktitle    = {TKDE},
  author       = {Shantanu Joshi and Christopher M. Jermaine},
}
@inproceedings{kandel2011research,
  title        = {Research directions in data wrangling:
    Visualizations and transformations for usable and credible data},
  year         = 2011,
  booktitle    = {IV},
  author       = {Kandel, Sean and Heer, Jeffrey and Plaisant,
    Catherine and Kennedy, Jessie and van Ham, Frank and Riche,
    Nathalie Henry and Weaver, Chris and Lee, Bongshin and Brodbeck,
    Dominique and Buono, Paolo},
  publisher    = {Sage Publications},
}
@inproceedings{kandel2011wrangler,
  title        = {Wrangler: interactive visual specification of data
    transformation scripts},
  year         = 2011,
  booktitle    = {CHI},
  author       = {Sean Kandel and Andreas Paepcke and Joseph
    Hellerstein and Jeffrey Heer},
}
@inproceedings{kandel2012,
  title        = {Enterprise Data Analysis and Visualization: An
    Interview Study},
  year         = 2012,
  booktitle    = {TVCG},
  author       = {Sean Kandel and Andreas Paepcke and Joseph M.
    Hellerstein and Jeffrey Heer},
  url          = {http://doi.ieeecomputersociety.org/10.1109/TVCG.2012.219},
}
@inproceedings{karger1997consistent,
  title        = {Consistent hashing and random trees: Distributed
    caching protocols for relieving hot spots on the World Wide Web},
  year         = 1997,
  booktitle    = {STOC},
  author       = {Karger, David and Lehman, Eric and Leighton, Tom and
    Panigrahy, Rina and Levine, Matthew and Lewin, Daniel},
}
@inproceedings{khayyat2015bigdansing,
  title        = {Bigdansing: A system for big data cleansing},
  year         = 2015,
  booktitle    = {SIGMOD},
  author       = {Khayyat, Zuhair and Ilyas, Ihab F and Jindal, Alekh
    and Madden, Samuel and Ouzzani, Mourad and Papotti, Paolo and
    Quian{\'e}-Ruiz, Jorge-Arnulfo and Tang, Nan and Yin, Si},
}
@inproceedings{kim2003taxonomy,
  title        = {A taxonomy of dirty data},
  year         = 2003,
  booktitle    = {Data mining and knowledge discovery},
  author       = {Kim, Won and Choi, Byoung-Ju and Hong, Eui-Kyeong
    and Kim, Soo-Kyung and Lee, Doheon},
  publisher    = {Springer},
}
@inproceedings{kraska2013mlbase,
  title        = {MLbase: {A} Distributed Machine-learning System},
  year         = 2013,
  booktitle    = {CIDR},
  author       = {Tim Kraska and Ameet Talwalkar and John C. Duchi and
    Rean Griffith and Michael J. Franklin and Michael I. Jordan},
  url          = {http://www.cidrdb.org/cidr2013/Papers/CIDR13_Paper118.pdf},
}
@inproceedings{krishnan2015svc,
  title        = {Stale View Cleaning: Getting Fresh Answers from
    Stale Materialized Views},
  year         = 2015,
  booktitle    = {VLDB},
  author       = {Sanjay Krishnan and Jiannan Wang and Michael J.
    Franklin and Ken Goldberg and Tim Kraska},
  url          = {http://www.vldb.org/pvldb/vol8/p1370-krishnan.pdf},
}
@inproceedings{krishnan2015transition,
  title        = {Transition state clustering: Unsupervised surgical
    trajectory segmentation for robot learning},
  year         = 2015,
  booktitle    = {STAR},
  author       = {Krishnan, Sanjay and Garg, Animesh and Patil, Sachin
    and Lea, Colin and Hager, Gregory and Abbeel, Pieter and Goldberg,
    Ken},
}
@inproceedings{krishnan2016hilda,
  title        = {Towards Reliable Interactive Data Cleaning: A User
    Survey and Recommendations},
  year         = 2016,
  booktitle    = {HILDA},
  author       = {Sanjay Krishnan and Daniel Haas and Michael J.
    Franklin and Eugene Wu},
}
@inproceedings{kubica2003probabilistic,
  title        = {Probabilistic noise identification and data cleaning},
  year         = 2003,
  booktitle    = {ICDM},
  author       = {Kubica, Jeremy and Moore, Andrew W},
}
@inproceedings{kumar2015learning,
  title        = {Learning generalized linear models over normalized
    data},
  year         = 2015,
  booktitle    = {SIGMOD},
  author       = {Kumar, Arun and Naughton, Jeffrey and Patel, Jignesh
    M},
}
@inproceedings{larson2007cardinality,
  title        = {Cardinality estimation using sample views with
    quality assurance},
  year         = 2007,
  booktitle    = {SIGMOD},
  author       = {Larson, Per-Ake and Lehner, Wolfgang and Zhou,
    Jingren and Zabback, Peter},
}
@inproceedings{lefevre2014opportunistic,
  title        = {Opportunistic physical design for big data analytics},
  year         = 2014,
  booktitle    = {SIGMOD},
  author       = {Jeff LeFevre and Jagan Sankaranarayanan and Hakan
    Hacig{\"u}m{\"u}s and Jun'ichi Tatemura and Neoklis Polyzotis and
    Michael J. Carey},
}
@inproceedings{li2010improving,
  title        = {Improving data quality in data warehousing
    applications.},
  year         = 2010,
  booktitle    = {ICEIS},
  author       = {Li, Lin and Peng, Taoxin and Kennedy, Jessie},
}
@inproceedings{li2012truth,
  title        = {Truth finding on the deep web: Is the problem
    solved?},
  year         = 2012,
  booktitle    = {VLDB},
  author       = {Li, Xian and Dong, Xin Luna and Lyons, Kenneth and
    Meng, Weiyi and Srivastava, Divesh},
}
@inproceedings{li2014improved,
  title        = {An Improved Reject on Negative Impact Defense},
  year         = 2014,
  booktitle    = {Machine Learning and Cybernetics},
  author       = {Li, Hongjiang and Chan, Patrick PK},
}
@inproceedings{liarou2012monetdb,
  title        = {{MonetDB/DataCell}: Online Analytics in a Streaming
    Column-Store},
  year         = 2012,
  booktitle    = {VLDB},
  author       = {Erietta Liarou and Stratos Idreos and Stefan
    Manegold and Martin L. Kersten},
}
@inproceedings{liu2008isolation,
  title        = {Isolation forest},
  year         = 2008,
  booktitle    = {ICDM},
  author       = {Liu, Fei Tony and Ting, Kai Ming and Zhou, Zhi-Hua},
}
@inproceedings{maier1979testing,
  title        = {Testing implications of data dependencies},
  year         = 1979,
  booktitle    = {TODS},
  author       = {Maier, David and Mendelzon, Alberto O and Sagiv,
    Yehoshua},
  publisher    = {ACM},
}
@inproceedings{mayfield2010eracer,
  title        = {{ERACER:} a database approach for statistical
    inference and data cleaning},
  year         = 2010,
  booktitle    = {SIGMOD},
  author       = {Chris Mayfield and Jennifer Neville and Sunil
    Prabhakar},
  url          = {http://doi.acm.org/10.1145/1807167.1807178},
}
@inproceedings{mikolov2013distributed,
  title        = {Distributed representations of words and phrases and
    their compositionality},
  year         = 2013,
  booktitle    = {NIPS},
  author       = {Mikolov, Tomas and Sutskever, Ilya and Chen, Kai and
    Corrado, Greg S and Dean, Jeff},
}
@inproceedings{mitzenmacher2004brief,
  title        = {A Brief History of Generative Models for Power Law
    and Lognormal Distributions},
  year         = 2003,
  booktitle    = {Internet Mathematics},
  author       = {Michael Mitzenmacher},
}
@inproceedings{mnih2013playing,
  title        = {Playing atari with deep reinforcement learning},
  year         = 2013,
  booktitle    = {arXiv},
  author       = {Mnih, Volodymyr and Kavukcuoglu, Koray and Silver,
    David and Graves, Alex and Antonoglou, Ioannis and Wierstra, Daan
    and Riedmiller, Martin},
}
@inproceedings{mnih2015human,
  title        = {Human-level control through deep reinforcement
    learning},
  year         = 2015,
  booktitle    = {Nature},
  author       = {Mnih, Volodymyr and Kavukcuoglu, Koray and Silver,
    David and Rusu, Andrei A and Veness, Joel and Bellemare, Marc G
    and Graves, Alex and Riedmiller, Martin and Fidjeland, Andreas K
    and Ostrovski, Georg and others},
  publisher    = {Nature Research},
}
@inproceedings{mnih2016asynchronous,
  title        = {Asynchronous methods for deep reinforcement learning},
  year         = 2016,
  booktitle    = {arXiv},
  author       = {Mnih, Volodymyr and Badia, Adria Puigdomenech and
    Mirza, Mehdi and Graves, Alex and Lillicrap, Timothy P and Harley,
    Tim and Silver, David and Kavukcuoglu, Koray},
}
@inproceedings{nadeef,
  title        = {{NADEEF:} {A} Generalized Data Cleaning System},
  year         = 2013,
  booktitle    = {VLDB},
  author       = {Amr Ebaid and Ahmed K. Elmagarmid and Ihab F. Ilyas
    and Mourad Ouzzani and Jorge{-}Arnulfo Quian{\'{e}}{-}Ruiz and Nan
    Tang and Si Yin},
  url          = {http://www.vldb.org/pvldb/vol6/p1218-tang.pdf},
}
@inproceedings{nelson2012query,
  title        = {Query Strategies for Evading Convex-Inducing
    Classifiers},
  year         = 2012,
  booktitle    = {JMLR},
  author       = {Blaine Nelson and Benjamin I. P. Rubinstein and Ling
    Huang and Anthony D. Joseph and Steven J. Lee and Satish Rao and
    J. D. Tygar},
  url          = {http://dl.acm.org/citation.cfm?id=2343688},
}
@inproceedings{nikolic2014linview,
  title        = {LINVIEW: incremental view maintenance for complex
    analytical queries},
  year         = 2014,
  booktitle    = {SIGMOD},
  author       = {Milos Nikolic and Mohammed Elseidy and Christoph
    Koch},
}
@inproceedings{olteanu2016f,
  title        = {F: Regression Models over Factorized Views},
  year         = 2016,
  booktitle    = {VLDB},
  author       = {Olteanu, Dan and Schleich, Maximilian},
}
@inproceedings{palkar2017weld,
  title        = {Weld: A common runtime for high performance data
    analytics},
  year         = 2017,
  booktitle    = {CIDR},
  author       = {Palkar, Shoumik and Thomas, James J and Shanbhag,
    Anil and Narayanan, Deepak and Pirk, Holger and Schwarzkopf, Malte
    and Amarasinghe, Saman and Zaharia, Matei and InfoLab, Stanford},
}
@inproceedings{pan2010survey,
  title        = {A survey on transfer learning},
  year         = 2010,
  booktitle    = {IEEE},
  author       = {Pan, Sinno Jialin and Yang, Qiang},
}
@inproceedings{papenbrock2015progressive,
  title        = {Progressive Duplicate Detection},
  year         = 2015,
  booktitle    = {TKDE},
  author       = {Thorsten Papenbrock and Arvid Heise and Felix
    Naumann},
  url          = {http://dx.doi.org/10.1109/TKDE.2014.2359666},
}
@inproceedings{park2014crowdfill,
  title        = {CrowdFill: collecting structured data from the crowd},
  year         = 2014,
  booktitle    = {SIGMOD},
  author       = {Hyunjung Park and Jennifer Widom},
  url          = {http://doi.acm.org/10.1145/2588555.2610503},
}
@inproceedings{pearl2003causality,
  title        = {Causality: models, reasoning and inference},
  year         = 2003,
  booktitle    = {Economet. Theor},
  author       = {Pearl, Judea},
  publisher    = {Cambridge Univ Press},
}
@inproceedings{percolator,
  title        = {Large-scale Incremental Processing Using Distributed
    Transactions and Notifications},
  year         = 2010,
  booktitle    = {OSDI},
  author       = {Daniel Peng and Frank Dabek},
}
@inproceedings{perez2014history,
  title        = {History-aware query optimization with materialized
    intermediate views},
  year         = 2014,
  booktitle    = {ICDE},
  author       = {Luis Leopoldo Perez and Christopher M. Jermaine},
}
@inproceedings{profiler,
  title        = {Profiler: Integrated Statistical Analysis and
    Visualization for Data Quality Assessment},
  year         = 2012,
  booktitle    = {AVI},
  author       = {Sean Kandel AND Ravi Parikh AND Andreas Paepcke AND
    Joseph Hellerstein AND Jeffrey Heer},
  url          = {http://vis.stanford.edu/papers/profiler},
}
@inproceedings{prokoshyna2015combining,
  title        = {Combining quantitative and logical data cleaning},
  year         = 2015,
  booktitle    = {VLDB},
  author       = {Prokoshyna, Nataliya and Szlichta, Jaroslaw and
    Chiang, Fei and Miller, Ren{\'e}e J and Srivastava, Divesh},
  publisher    = {VLDB Endowment},
}
@inproceedings{qu2014randomized,
  title        = {Randomized dual coordinate ascent with arbitrary
    sampling},
  year         = 2014,
  booktitle    = {Arxiv},
  author       = {Qu, Zheng and Richt{\'a}rik, Peter and Zhang, Tong},
}
@inproceedings{rabkin2014aggregation,
  title        = {Aggregation and Degradation in JetStream: Streaming
    analytics in the wide area},
  year         = 2014,
  booktitle    = {NSDI},
  author       = {Rabkin, Ariel and Arye, Matvey and Sen, Siddhartha
    and Pai, Vivek S and Freedman, Michael J},
}
@inproceedings{rahm2000data,
  title        = {Data Cleaning: Problems and Current Approaches},
  year         = 2000,
  booktitle    = {IEEE Data Eng. Bull.},
  author       = {Erhard Rahm and Hong Hai Do},
}
@inproceedings{rainbird,
  title        = {Rainbird: Real-time analytics at Twitter},
  year         = 2011,
  booktitle    = {Strata},
  author       = {Kevin Weil},
}
@inproceedings{raman2001potter,
  title        = {Potter's wheel: An interactive data cleaning system},
  year         = 2001,
  booktitle    = {VLDB},
  author       = {Raman, Vijayshankar and Hellerstein, Joseph M},
}
@inproceedings{ramanprogressive,
  title        = {Robust Query Processing through Progressive
    Optimization},
  year         = 2004,
  booktitle    = {SIGMOD},
  author       = {Volker Markl and Vijayshankar Raman and David E.
    Simmen and Guy M. Lohman and Hamid Pirahesh},
}
@inproceedings{ratner2016data,
  title        = {Data Programming: Creating Large Training Sets,
    Quickly},
  year         = 2016,
  booktitle    = {arXiv},
  author       = {Ratner, Alexander and De Sa, Christopher and Wu, Sen
    and Selsam, Daniel and R{\'e}, Christopher},
}
@inproceedings{re2007materialized,
  title        = {Materialized Views in Probabilistic Databases for
    Information Exchange and Query Optimization},
  year         = 2007,
  booktitle    = {VLDB},
  author       = {Christopher Re and Dan Suciu},
}
@inproceedings{recht2011hogwild,
  title        = {Hogwild: A lock-free approach to parallelizing
    stochastic gradient descent},
  year         = 2011,
  booktitle    = {NIPS},
  author       = {Recht, Benjamin and Re, Christopher and Wright,
    Stephen and Niu, Feng},
}
@inproceedings{rekatsinas2017holoclean,
  title        = {HoloClean: Holistic Data Repairs with Probabilistic
    Inference},
  year         = 2017,
  booktitle    = {arXiv},
  author       = {Rekatsinas, Theodoros and Chu, Xu and Ilyas, Ihab F
    and R{\'e}, Christopher},
}
@inproceedings{rousseeuw2011robust,
  title        = {Robust statistics for outlier detection},
  year         = 2011,
  booktitle    = {Data Mining and Knowledge Discovery},
  author       = {Rousseeuw, Peter J and Hubert, Mia},
  publisher    = {Wiley Online Library},
}
@inproceedings{russell1995modern,
  title        = {A modern approach},
  year         = 1995,
  booktitle    = {AI, Prentice-Hall},
  author       = {Russell, Stuart and Norvig, Peter and Intelligence,
    Artificial},
}
@inproceedings{samtani1999self,
  title        = {Self maintenance of multiple views in data
    warehousing},
  year         = 1999,
  booktitle    = {CIKM},
  author       = {Samtani, Sunil and Kumar, Vijay and Mohania, Mukesh},
}
@inproceedings{schafer1998multiple,
  title        = {Multiple imputation for multivariate missing-data
    problems: A data analyst's perspective},
  year         = 1998,
  booktitle    = {Multivariate behavioral research},
  author       = {Schafer, Joseph L and Olsen, Maren K},
  publisher    = {Taylor \& Francis},
}
@incollection{schapire2003boosting,
  title        = {The boosting approach to machine learning: An
    overview},
  year         = 2003,
  booktitle    = {Nonlinear estimation and classification},
  author       = {Schapire, Robert E},
  publisher    = {Springer},
}
@inproceedings{settles2010active,
  title        = {Active learning literature survey},
  year         = 2010,
  booktitle    = {University of Wisconsin, Madison},
  author       = {Settles, Burr},
}
@inproceedings{shuster1982nonparametric,
  title        = {Nonparametric optimality of the sample mean and
    sample variance},
  year         = 1982,
  booktitle    = {Taylor \& Francis},
  author       = {Shuster, Jonathan J},
}
@inproceedings{silver2016mastering,
  title        = {Mastering the game of Go with deep neural networks
    and tree search},
  year         = 2016,
  booktitle    = {Nature},
  author       = {Silver, David and Huang, Aja and Maddison, Chris J
    and Guez, Arthur and Sifre, Laurent and Van Den Driessche, George
    and Schrittwieser, Julian and Antonoglou, Ioannis and
    Panneershelvam, Veda and Lanctot, Marc and others},
  publisher    = {Nature Research},
}
@inproceedings{simpson1951interpretation,
  title        = {The interpretation of interaction in contingency
    tables},
  year         = 1951,
  booktitle    = {JSTOR},
  author       = {Simpson, Edward H},
}
@inproceedings{srinivasanC92,
  title        = {Compensation-Based On-Line Query Processing},
  year         = 1992,
  booktitle    = {SIGMOD},
  author       = {V. Srinivasan and Michael J. Carey},
}
@inproceedings{stonebraker2013data,
  title        = {Data Curation at Scale: The Data Tamer System.},
  year         = 2013,
  booktitle    = {CIDR},
  author       = {Stonebraker, Michael and Bruckner, Daniel and Ilyas,
    Ihab F and Beskales, George and Cherniack, Mitch and Zdonik,
    Stanley B and Pagan, Alexander and Xu, Shan},
}
@inproceedings{stumpf2007toward,
  title        = {Toward harnessing user feedback for machine learning},
  year         = 2007,
  booktitle    = {IUI},
  author       = {Stumpf, Simone and Rajaram, Vidya and Li, Lida and
    Burnett, Margaret and Dietterich, Thomas and Sullivan, Erin and
    Drummond, Russell and Herlocker, Jonathan},
}
@inproceedings{tatbul2003load,
  title        = {Load Shedding in a Data Stream Manager},
  year         = 2003,
  booktitle    = {VLDB},
  author       = {Nesime Tatbul and Ugur \c{C}etintemel and Stanley B.
    Zdonik and Mitch Cherniack and Michael Stonebraker},
}
@inproceedings{taylor1982introduction,
  title        = {An Introduction to Error Analysis: The Study of
    Uncertainties in Physical Measurements, 327 pp},
  year         = 1982,
  booktitle    = {Univ. Sci. Books, Mill Valley, Calif},
  author       = {Taylor, John R},
}
@inproceedings{thompson1933likelihood,
  title        = {On the likelihood that one unknown probability
    exceeds another in view of the evidence of two samples},
  year         = 1933,
  booktitle    = {JSTOR},
  author       = {Thompson, William R},
}
@inproceedings{vanderbilt2012let,
  title        = {Let the robot drive: The autonomous car of the
    future is here},
  year         = 2012,
  booktitle    = {Retrieved October},
  author       = {Vanderbilt, Tom},
}
@inproceedings{venkataraman2014power,
  title        = {The power of choice in data-aware cluster scheduling},
  year         = 2014,
  booktitle    = {OSDI},
  author       = {Venkataraman, Shivaram and Panda, Aurojit and
    Ananthanarayanan, Ganesh and Franklin, Michael J and Stoica, Ion},
}
@inproceedings{volkovs2014continuous,
  title        = {Continuous data cleaning},
  year         = 2014,
  booktitle    = {ICDE},
  author       = {Maksims Volkovs and Fei Chiang and Jaroslaw Szlichta
    and Ren{\'{e}}e J. Miller},
  url          = {http://dx.doi.org/10.1109/ICDE.2014.6816655},
}
@inproceedings{wainwright2012privacy,
  title        = {Privacy aware learning},
  year         = 2012,
  booktitle    = {NIPS},
  author       = {Wainwright, Martin J and Jordan, Michael I and
    Duchi, John C},
}
@inproceedings{wang1999sample,
  title        = {A sample-and-clean framework for fast and accurate
    query processing on dirty data},
  year         = 2014,
  booktitle    = {SIGMOD},
  author       = {Jiannan Wang and Sanjay Krishnan and Michael J.
    Franklin and Ken Goldberg and Tim Kraska and Tova Milo},
}
@inproceedings{wang2012crowder,
  title        = {CrowdER: Crowdsourcing Entity Resolution},
  year         = 2012,
  booktitle    = {VLDB},
  author       = {Jiannan Wang and Tim Kraska and Michael J. Franklin
    and Jianhua Feng},
  url          = {http://vldb.org/pvldb/vol5/p1483_jiannanwang_vldb2012.pdf},
}
@inproceedings{whang2014incremental,
  title        = {Incremental entity resolution on rules and data},
  year         = 2014,
  booktitle    = {VLDBJ},
  author       = {Steven Euijong Whang and Hector Garcia{-}Molina},
  url          = {http://dx.doi.org/10.1007/s00778-013-0315-0},
}
@inproceedings{wolpert1996lack,
  title        = {The lack of a priori distinctions between learning
    algorithms},
  year         = 1996,
  booktitle    = {Neural computation},
  author       = {Wolpert, David H},
  publisher    = {MIT Press},
}
@inproceedings{wrangler,
  title        = {Wrangler: interactive visual specification of data
    transformation scripts},
  year         = 2011,
  booktitle    = {CHI},
  author       = {Kandel, Sean and Paepcke, Andreas and Hellerstein,
    Joseph and Heer, Jeffrey},
  url          = {http://doi.acm.org/10.1145/1978942.1979444},
}
@inproceedings{wu2012demonstration,
  title        = {A demonstration of DBWipes: clean as you query},
  year         = 2012,
  booktitle    = {VLDB},
  author       = {Wu, Eugene and Madden, Samuel and Stonebraker,
    Michael},
}
@inproceedings{xiaofeature,
  title        = {Is Feature Selection Secure against Training Data
    Poisoning?},
  year         = 2015,
  booktitle    = {ICML},
  author       = {Huang Xiao and Battista Biggio and Gavin Brown and
    Giorgio Fumera and Claudia Eckert and Fabio Roli},
  url          = {http://jmlr.org/proceedings/papers/v37/xiao15.html},
}
@inproceedings{yakout2013don,
  title        = {Don't be SCAREd: use SCalable Automatic REpairing
    with maximal likelihood and bounded changes},
  year         = 2013,
  booktitle    = {SIGMOD},
  author       = {Mohamed Yakout and Laure Berti{-}Equille and Ahmed
    K. Elmagarmid},
  url          = {http://doi.acm.org/10.1145/2463676.2463706},
}
@inproceedings{zaharia2012discretized,
  title        = {Discretized streams: fault-tolerant streaming
    computation at scale},
  year         = 2013,
  booktitle    = {SOSP},
  author       = {Matei Zaharia and Tathagata Das and Haoyuan Li and
    Timothy Hunter and Scott Shenker and Ion Stoica},
}
@inproceedings{zaharia2012resilient,
  title        = {Resilient Distributed Datasets: A Fault-Tolerant
    Abstraction for In-Memory Cluster Computing},
  year         = 2012,
  booktitle    = {NSDI},
  author       = {Matei Zaharia and Mosharaf Chowdhury and Tathagata
    Das and Ankur Dave and Justin Ma and Murphy McCauly and Michael J.
    Franklin and Scott Shenker and Ion Stoica},
}
@inproceedings{zhang2014mat,
  title        = {Materialization optimizations for feature selection
    workloads},
  year         = 2014,
  booktitle    = {SIGMOD},
  author       = {Ce Zhang and Arun Kumar and Christopher R{\'e}},
}
@inproceedings{zhang2016materialization,
  title        = {Materialization optimizations for feature selection
    workloads},
  year         = 2016,
  booktitle    = {TODS},
  author       = {Zhang, Ce and Kumar, Arun and R{\'e}, Christopher},
  publisher    = {ACM},
}
@inproceedings{zhao2014stochastic,
  title        = {Stochastic Optimization with Importance Sampling for
    Regularized Loss Minimization},
  year         = 2015,
  booktitle    = {ICML},
  author       = {Peilin Zhao and Tong Zhang},
  url          = {http://jmlr.org/proceedings/papers/v37/zhaoa15.html},
}
@inproceedings{zhou2007lazy,
  title        = {Lazy Maintenance of Materialized Views},
  year         = 2007,
  booktitle    = {VLDB},
  author       = {Jingren Zhou and Per-{\AA}ke Larson and Hicham G.
    Elmongui},
} 